@book{dipBook,
 author = {Gonzalez, Rafael C. and Woods, Richard E.},
 title = {Digital Image Processing (3rd Edition)},
 year = {2010},
 isbn = {0132345633},
 publisher = {Pearson},
 address = {Upper Saddle River, NJ, USA},
}

@article{Fan20111468,
title = "Homomorphic filtering based illumination normalization method for face recognition ",
journal = "Pattern Recognition Letters ",
volume = "32",
number = "10",
pages = "1468 - 1479",
year = "2011",
note = "",
issn = "0167-8655",
doi = "http://dx.doi.org/10.1016/j.patrec.2011.03.023",
url = "http://www.sciencedirect.com/science/article/pii/S0167865511001000",
author = "Chun-Nian Fan and Fu-Yan Zhang",
keywords = "Face recognition",
keywords = "Illumination",
keywords = "Homomorphic filter "
}

